@misc{schifferMicrosoftJustLaid2023,
  title = {Microsoft Just Laid off One of Its Responsible {{AI}} Teams},
  author = {Schiffer, Zo{\"e}},
  year = {2023},
  month = feb,
  urldate = {2023-11-26},
  abstract = {As the company accelerates its push into AI products, the ethics and society team is gone},
  url = {https://www.platformer.news/p/microsoft-just-laid-off-one-of-its?publication\_id=7976\&isFreemail=true},
  langid = {english},
  file = {/Users/klaaspelzer/Zotero/storage/SDWSPBTT/microsoft-just-laid-off-one-of-its.html}
}

@article{vardiAreWeHaving2018,
  title = {Are We Having an Ethical Crisis in Computing?},
  author = {Vardi, Moshe Y.},
  year = {2018},
  month = dec,
  journal = {Communications of the ACM},
  volume = {62},
  number = {1},
  pages = {7},
  issn = {0001-0782},
  doi = {10.1145/3292822},
  urldate = {2023-11-26},
  file = {/Users/klaaspelzer/Zotero/storage/D7B2I9JW/Vardi - 2018 - Are we having an ethical crisis in computing.pdf}
}
