@article{vardiAreWeHaving2018,
  title = {Are We Having an Ethical Crisis in Computing?},
  author = {Vardi, Moshe Y.},
  year = {2018},
  month = dec,
  journal = {Communications of the ACM},
  volume = {62},
  number = {1},
  pages = {7},
  issn = {0001-0782},
  doi = {10.1145/3292822},
  urldate = {2023-11-26},
  file = {/Users/klaaspelzer/Zotero/storage/D7B2I9JW/Vardi - 2018 - Are we having an ethical crisis in computing.pdf}
}
